@article{allen2017evolutionary,
  title={Evolutionary dynamics on any population structure},
  author={Allen, Benjamin and Lippner, Gabor and Chen, Yu-Ting and Fotouhi, Babak and Momeni, Naghmeh and Yau, Shing-Tung and Nowak, Martin A},
  journal={Nature},
  volume={544},
  number={7649},
  pages={227--230},
  year={2017},
  publisher={Nature Publishing Group UK London}
}

@article{tripp2022evolutionary,
  title={Evolutionary Kuramoto dynamics},
  author={Tripp, Elizabeth A and Fu, Feng and Pauls, Scott D},
  journal={Proceedings of the Royal Society B},
  volume={289},
  number={1986},
  pages={20220999},
  year={2022},
  publisher={The Royal Society}
}
